
@Article{	  Eliason2011,
  author	= {Eliason, Erika J and Clark, Timothy D and Hague, Merran J
		  and Hanson, Linda M and Gallagher, Zo{\"e} S and Jeffries,
		  Ken M and Gale, Marika K and Patterson, David A and Hinch,
		  Scott G and Farrell, Anthony P},
  date-added	= {2013-03-08 21:52:30 +0000},
  date-modified	= {2013-03-08 21:53:27 +0000},
  doi		= {10.1126/science.1199158},
  journal	= {Science},
  number	= {6025},
  pages		= {109-112},
  title		= {Differences in Thermal Tolerance Among Sockeye Salmon
		  Populations},
  volume	= {332},
  year		= {2011},
  bdsk-url-1	= {http://dx.doi.org/10.1126/science.1199158}
}

@Article{	  Schtickzelle2007,
  author	= {N Schtickzelle AND T P Quinn},
  date-added	= {2011-10-13 20:03:52 -0700},
  date-modified	= {2013-02-26 07:23:15 +0000},
  journal	= fishfish,
  keywords	= {metapopulation, salmon},
  pages		= {297--314},
  title		= {A metapopulation perspective for salmon and other
		  anadromous fish},
  volume	= {8},
  year		= {2007},
  bdsk-file-1	= {YnBsaXN0MDDUAQIDBAUGJCVYJHZlcnNpb25YJG9iamVjdHNZJGFyY2hpdmVyVCR0b3ASAAGGoKgHCBMUFRYaIVUkbnVsbNMJCgsMDxJXTlMua2V5c1pOUy5vYmplY3RzViRjbGFzc6INDoACgAOiEBGABIAFgAdccmVsYXRpdmVQYXRoWWFsaWFzRGF0YV8QIS4uL1BhcGVycy9TY2h0aWNremVsbGUyMDA3TVBTLnBkZtIXCxgZV05TLmRhdGFPEQG6AAAAAAG6AAIAAAxNYWNpbnRvc2ggSEQAAAAAAAAAAAAAAAAAAADLI+vnSCsAAAAFc5kXU2NodGlja3plbGxlMjAwN01QUy5wZGYAAAAAAAAAAAAAAAAAAAAAAAAAAAAAAAAAAAAAAAAAAAAAAAAAAAAAAAV7Gsq89IkAAAAAAAAAAAABAAIAAAkgAAAAAAAAAAAAAAAAAAAABlBhcGVycwAQAAgAAMskXGcAAAARAAgAAMq9VvkAAAABABAABXOZAAUP+AAEdssAAMAfAAIASk1hY2ludG9zaCBIRDpVc2VyczoAc2VhbmFuZGVyc29uOgBEcm9wYm94OgBQYXBlcnM6AFNjaHRpY2t6ZWxsZTIwMDdNUFMucGRmAA4AMAAXAFMAYwBoAHQAaQBjAGsAegBlAGwAbABlADIAMAAwADcATQBQAFMALgBwAGQAZgAPABoADABNAGEAYwBpAG4AdABvAHMAaAAgAEgARAASADlVc2Vycy9zZWFuYW5kZXJzb24vRHJvcGJveC9QYXBlcnMvU2NodGlja3plbGxlMjAwN01QUy5wZGYAABMAAS8AABUAAgAT//8AAIAG0hscHR5aJGNsYXNzbmFtZVgkY2xhc3Nlc11OU011dGFibGVEYXRhox0fIFZOU0RhdGFYTlNPYmplY3TSGxwiI1xOU0RpY3Rpb25hcnmiIiBfEA9OU0tleWVkQXJjaGl2ZXLRJidUcm9vdIABAAgAEQAaACMALQAyADcAQABGAE0AVQBgAGcAagBsAG4AcQBzAHUAdwCEAI4AsgC3AL8CfQJ/AoQCjwKYAqYCqgKxAroCvwLMAs8C4QLkAukAAAAAAAACAQAAAAAAAAAoAAAAAAAAAAAAAAAAAAAC6w==}
		  
}

@Article{	  Cooper1999,
  author	= {Cooper, Andrew B and Mangel, Marc},
  date-added	= {2011-10-13 19:43:21 -0700},
  date-modified	= {2013-02-26 07:23:15 +0000},
  journal	= fishbull,
  keywords	= {metapopulation, salmon},
  number	= {2},
  pages		= {213--226},
  title		= {The dangers of ignoring metapopulation structure for the
		  conservation of salmonids},
  volume	= {97},
  year		= {1999},
  bdsk-file-1	= {YnBsaXN0MDDUAQIDBAUGJCVYJHZlcnNpb25YJG9iamVjdHNZJGFyY2hpdmVyVCR0b3ASAAGGoKgHCBMUFRYaIVUkbnVsbNMJCgsMDxJXTlMua2V5c1pOUy5vYmplY3RzViRjbGFzc6INDoACgAOiEBGABIAFgAdccmVsYXRpdmVQYXRoWWFsaWFzRGF0YV8QGy4uL1BhcGVycy9Db29wZXIxOTk5RElNLnBkZtIXCxgZV05TLmRhdGFPEQGiAAAAAAGiAAIAAAxNYWNpbnRvc2ggSEQAAAAAAAAAAAAAAAAAAADLI+vnSCsAAAAFc5kRQ29vcGVyMTk5OURJTS5wZGYAAAAAAAAAAAAAAAAAAAAAAAAAAAAAAAAAAAAAAAAAAAAAAAAAAAAAAAAAAAAAAI5pz8q877NQREYgAAAAAAABAAIAAAkgAAAAAAAAAAAAAAAAAAAABlBhcGVycwAQAAgAAMskXGcAAAARAAgAAMq9UiMAAAABABAABXOZAAUP+AAEdssAAMAfAAIARE1hY2ludG9zaCBIRDpVc2VyczoAc2VhbmFuZGVyc29uOgBEcm9wYm94OgBQYXBlcnM6AENvb3BlcjE5OTlESU0ucGRmAA4AJAARAEMAbwBvAHAAZQByADEAOQA5ADkARABJAE0ALgBwAGQAZgAPABoADABNAGEAYwBpAG4AdABvAHMAaAAgAEgARAASADNVc2Vycy9zZWFuYW5kZXJzb24vRHJvcGJveC9QYXBlcnMvQ29vcGVyMTk5OURJTS5wZGYAABMAAS8AABUAAgAT//8AAIAG0hscHR5aJGNsYXNzbmFtZVgkY2xhc3Nlc11OU011dGFibGVEYXRhox0fIFZOU0RhdGFYTlNPYmplY3TSGxwiI1xOU0RpY3Rpb25hcnmiIiBfEA9OU0tleWVkQXJjaGl2ZXLRJidUcm9vdIABAAgAEQAaACMALQAyADcAQABGAE0AVQBgAGcAagBsAG4AcQBzAHUAdwCEAI4ArACxALkCXwJhAmYCcQJ6AogCjAKTApwCoQKuArECwwLGAssAAAAAAAACAQAAAAAAAAAoAAAAAAAAAAAAAAAAAAACzQ==}
		  
}

@Book{		  Markowitz1959,
  address	= {New York},
  author	= {H M Markowitz},
  date-added	= {2011-03-08 14:03:32 -0800},
  date-modified	= {2013-02-26 07:23:16 +0000},
  publisher	= {Wiley \& Sons},
  title		= {Portfolio Selection: Efficient Diversification of
		  Investments},
  year		= {1959}
}

@Article{	  Markowitz1952,
  abstract	= {The article studies the process of selecting a portfolio
		  or investment. It is explained that the process of
		  selecting a portfolio is divided into two stages. The
		  article reports that the first stage begins with
		  observation and experience and ends with ideas about the
		  future performances of available securities. The second
		  stage begins with the relevant beliefs about future
		  performances and ends with the choice of portfolio. The
		  author analyzes the second stage further, claiming that the
		  rule has many sound points, both as a maxim for, and
		  hypothesis about, investment behavior. The author also
		  illustrates relations between beliefs and choice of
		  portfolio according to the expected returns-variance of
		  returns rule.},
  author	= {Markowitz, Harry},
  date-added	= {2010-08-23 15:34:20 -0300},
  date-modified	= {2013-02-26 07:23:16 +0000},
  journal	= jfinance,
  keywords	= {portfolio effect, financial statistics},
  number	= {1},
  pages		= {77--91},
  rating	= {5},
  title		= {Portfolio Selection},
  volume	= {7},
  year		= {1952},
  bdsk-file-1	= {YnBsaXN0MDDUAQIDBAUGJCVYJHZlcnNpb25YJG9iamVjdHNZJGFyY2hpdmVyVCR0b3ASAAGGoKgHCBMUFRYaIVUkbnVsbNMJCgsMDxJXTlMua2V5c1pOUy5vYmplY3RzViRjbGFzc6INDoACgAOiEBGABIAFgAdccmVsYXRpdmVQYXRoWWFsaWFzRGF0YV8QHS4uL1BhcGVycy9NYXJrb3dpdHoxOTUyUFMucGRm0hcLGBlXTlMuZGF0YU8RAaoAAAAAAaoAAgAADE1hY2ludG9zaCBIRAAAAAAAAAAAAAAAAAAAAMsj6+dIKwAAAAVzmRNNYXJrb3dpdHoxOTUyUFMucGRmAAAAAAAAAAAAAAAAAAAAAAAAAAAAAAAAAAAAAAAAAAAAAAAAAAAAAAAAAAAABXjiyM4IuAAAAAAAAAAAAAEAAgAACSAAAAAAAAAAAAAAAAAAAAAGUGFwZXJzABAACAAAyyRcZwAAABEACAAAyM5rKAAAAAEAEAAFc5kABQ/4AAR2ywAAwB8AAgBGTWFjaW50b3NoIEhEOlVzZXJzOgBzZWFuYW5kZXJzb246AERyb3Bib3g6AFBhcGVyczoATWFya293aXR6MTk1MlBTLnBkZgAOACgAEwBNAGEAcgBrAG8AdwBpAHQAegAxADkANQAyAFAAUwAuAHAAZABmAA8AGgAMAE0AYQBjAGkAbgB0AG8AcwBoACAASABEABIANVVzZXJzL3NlYW5hbmRlcnNvbi9Ecm9wYm94L1BhcGVycy9NYXJrb3dpdHoxOTUyUFMucGRmAAATAAEvAAAVAAIAE///AACABtIbHB0eWiRjbGFzc25hbWVYJGNsYXNzZXNdTlNNdXRhYmxlRGF0YaMdHyBWTlNEYXRhWE5TT2JqZWN00hscIiNcTlNEaWN0aW9uYXJ5oiIgXxAPTlNLZXllZEFyY2hpdmVy0SYnVHJvb3SAAQAIABEAGgAjAC0AMgA3AEAARgBNAFUAYABnAGoAbABuAHEAcwB1AHcAhACOAK4AswC7AmkCawJwAnsChAKSApYCnQKmAqsCuAK7As0C0ALVAAAAAAAAAgEAAAAAAAAAKAAAAAAAAAAAAAAAAAAAAtc=}
		  
}

@Article{	  Cooper1999a,
  abstract	= {This paper introduces the theory and application of
		  discrete choice models to resource selection studies.
		  Discrete choice models calculate the probability of an
		  individual selecting a resource as a function of the
		  attributes of that resource and all other available
		  resources. The data for these attributes may be continuous
		  or categorical. When availability is the same for all
		  individuals and only two resources are available, the
		  multinomial logit discrete choice model reduces to the
		  logistic model. Discrete choice models and advances in GIS
		  technology give the researcher flexibility in defining
		  resource availability separately for each individual over
		  time and space. The output of the discrete choice approach
		  also provides managers with a tool to explore the effects
		  of potential management actions and provides researchers
		  with new hypotheses deserving of further investigation, To
		  illustrate the application of discrete choice models to
		  resource selection studies, we present a case study of
		  summer diurnal bed site selection by elk (Cervus elaphus)
		  in Cuter State Park, South Dakota, United States. The
		  results demonstrate the importance of factors relating to
		  thermal regulation, hiding cover, and potentially forage,
		  in elk bed site selection in this region.},
  author	= {Cooper, AB and Millspaugh, JJ},
  date-added	= {2010-03-16 00:38:47 -0300},
  date-modified	= {2013-02-26 07:23:17 +0000},
  journal	= {Ecology},
  number	= {2},
  pages		= {566--575},
  title		= {The application of discrete choice models to wildlife
		  resource selection studies},
  volume	= {80},
  year		= {1999},
  bdsk-file-1	= {YnBsaXN0MDDUAQIDBAUGJCVYJHZlcnNpb25YJG9iamVjdHNZJGFyY2hpdmVyVCR0b3ASAAGGoKgHCBMUFRYaIVUkbnVsbNMJCgsMDxJXTlMua2V5c1pOUy5vYmplY3RzViRjbGFzc6INDoACgAOiEBGABIAFgAdccmVsYXRpdmVQYXRoWWFsaWFzRGF0YV8QGy4uL1BhcGVycy9Db29wZXIxOTk5QURDLnBkZtIXCxgZV05TLmRhdGFPEQGiAAAAAAGiAAIAAAxNYWNpbnRvc2ggSEQAAAAAAAAAAAAAAAAAAADLI+vnSCsAAAAFc5kRQ29vcGVyMTk5OUFEQy5wZGYAAAAAAAAAAAAAAAAAAAAAAAAAAAAAAAAAAAAAAAAAAAAAAAAAAAAAAAAAAAAAAAV1TMjN/2gAAAAAAAAAAAABAAIAAAkgAAAAAAAAAAAAAAAAAAAABlBhcGVycwAQAAgAAMskXGcAAAARAAgAAMjOYdgAAAABABAABXOZAAUP+AAEdssAAMAfAAIARE1hY2ludG9zaCBIRDpVc2VyczoAc2VhbmFuZGVyc29uOgBEcm9wYm94OgBQYXBlcnM6AENvb3BlcjE5OTlBREMucGRmAA4AJAARAEMAbwBvAHAAZQByADEAOQA5ADkAQQBEAEMALgBwAGQAZgAPABoADABNAGEAYwBpAG4AdABvAHMAaAAgAEgARAASADNVc2Vycy9zZWFuYW5kZXJzb24vRHJvcGJveC9QYXBlcnMvQ29vcGVyMTk5OUFEQy5wZGYAABMAAS8AABUAAgAT//8AAIAG0hscHR5aJGNsYXNzbmFtZVgkY2xhc3Nlc11OU011dGFibGVEYXRhox0fIFZOU0RhdGFYTlNPYmplY3TSGxwiI1xOU0RpY3Rpb25hcnmiIiBfEA9OU0tleWVkQXJjaGl2ZXLRJidUcm9vdIABAAgAEQAaACMALQAyADcAQABGAE0AVQBgAGcAagBsAG4AcQBzAHUAdwCEAI4ArACxALkCXwJhAmYCcQJ6AogCjAKTApwCoQKuArECwwLGAssAAAAAAAACAQAAAAAAAAAoAAAAAAAAAAAAAAAAAAACzQ==}
		  
}

@Article{	  Hilborn1992,
  author	= {R W Hilborn and Carl Walters},
  date-added	= {2009-01-01},
  date-modified	= {2013-02-26 07:23:23 +0000},
  journal	= {Chapman and Hall, London},
  keywords	= {uncertainty},
  pages		= {570},
  title		= {Quantitative Fisheries Stock Assessment: Choice, Dynamics,
		  and Uncertainty.},
  year		= {1992}
}
